% Encoding: UTF-8

@Book{Glatre2014,
  title       = {Lexique multilingue de la vigne et du vin. Français, anglais, espagnol, allemand, portugais, italien},
  publisher   = {Dunod},
  year        = {2014},
  author      = {Glatre, Eric},
  address     = {Paris (France)},
  hyphenation = {french},
  keywords    = {dictionary, wine},
  owner       = {},
  pagetotal   = {400},
  timestamp   = {2015.08.25},
  url         = {http://u-bordeaux.scholarvox.com.docelec.u-bordeaux.fr/book/88820747},
}

@Book{Greene2011,
  title       = {\'Econométrie},
  publisher   = {Pearson},
  year        = {2011},
  author      = {Greene, william},
  address     = {London (UK)},
  edition     = {7\ieme édition},
  note        = {\'Edition francophone dirigée par Didier Schlacther et al.},
  citations   = {thesemarie},
  hyphenation = {french},
  keywords    = {econometrics},
  owner       = {},
  pagetotal   = {988},
  timestamp   = {2013.05.07 05:37:59},
}

@Book{Lozano2008,
  title        = {Tout ce que vous avez toujours voulu savoir sur \hologo{LaTeX} sans jamais oser le demander},
  publisher    = {In Libro Veritas},
  year         = {2008},
  author       = {Lozano, Vincent},
  volume       = {5},
  series       = {Framabook},
  address      = {Cergy-Pontoise (France)},
  edition      = {1},
  month        = {10},
  citations    = {thesemarie},
  file         = {Lozano2008.pdf:Lozano2008.pdf:PDF},
  howpublished = {[en ligne]},
  hyphenation  = {french},
  keywords     = {latex,programming,software},
  owner        = {},
  pagetotal    = {339},
  timestamp    = {2013.05.07 05:40:03},
  url          = {http://framabook.org/tout-sur-latex/},
  urldate      = {2016-02-24},
}

@Book{Rouquette2012,
  title        = {\hologo{XeLaTeX} appliqué aux sciences humaines},
  publisher    = {Atramenta},
  year         = {2012},
  author       = {Rouquette, Maïeul},
  address      = {Tampere (France)},
  citations    = {thesemarie},
  file         = {Rouquette2012.pdf:Rouquette2012.pdf:PDF},
  howpublished = {[en ligne]},
  hyphenation  = {french},
  keywords     = {LaTeX,software},
  owner        = {},
  pagetotal    = {270},
  timestamp    = {2014.01.15},
  url          = {http://geekographie.maieul.net/Xe-LaTeX-applique-aux-sciences},
  urldate      = {2016-02-24},
}

@Electronic{TLFi2004,
  author       = {CNRS},
  year         = {2004},
  title        = {Le trésor de la langue française informatisé},
  howpublished = {Accès en ligne},
  url          = {http://atilf.atilf.fr/tlf.htm},
  citations    = {thesemarie},
  hyphenation  = {french},
  keywords     = {dictionary},
  owner        = {},
  timestamp    = {2015.08.12},
}

@Manual{Bivand2012,
  title       = {Spdep R-package: spatial dependence: weighting schemes, statistics and models},
  author      = {Bivand, Roger},
  edition     = {version 0.5-45},
  year        = {2012},
  citations   = {thesemarie},
  comment     = {with contributions by Micah Altman and Luc Anselin and Renato AssunçÃ£o
	and Olaf Berke and Andrew Bernat and Guillaume Blanchet and Eric
	Blankmeyer and Marilia Carvalho and Bjarke Christensen and Yongwan
	Chun and Carsten Dormann and Stéphane Dray and Rein Halbersma and
	Elias Krainski and Pierre Legendre and Nicholas Lewin-Koh and Hongfei
	Li and Jielai Ma and Giovanni Millo and werner Mueller and Hisaji
	Ono and Pedro Peres-Neto and Gianfranco Piras and Markus Reder and
	Michael Tiefelsdorf and Danlin Yu},
  description = {with contributions by Micah Altman and Luc Anselin and Renato AssunçÃ£o and Olaf Berke and Andrew Bernat and Guillaume Blanchet and Eric Blankmeyer and Marilia Carvalho and Bjarke Christensen and Yongwan Chun and Carsten Dormann and Stéphane Dray and Rein Halbersma and Elias Krainski and Pierre Legendre and Nicholas Lewin-Koh and Hongfei Li and Jielai Ma and Giovanni Millo and werner Mueller and Hisaji Ono and Pedro Peres-Neto and Gianfranco Piras and Markus Reder and Michael Tiefelsdorf and Danlin Yu},
  file        = {Bivand2012.pdf:Bivand2012.pdf:PDF},
  hyphenation = {english},
  keywords    = {R-package},
  owner       = {},
  timestamp   = {2013.05.07 05:28:37},
  url         = {http://CRAN.R-project.org/package=spdep},
}

@Manual{Hastie2011,
  title       = {Gam R-package : generalized additive models},
  author      = {Hastie, Trevor},
  edition     = {version 1.06.2},
  year        = {2011},
  citations   = {thesemarie},
  file        = {Hastie2011.pdf:Hastie2011.pdf:PDF},
  hyphenation = {english},
  keywords    = {R-package},
  owner       = {},
  timestamp   = {2013.05.07 05:38:05},
  url         = {http://CRAN.R-project.org/package=gam},
}

@Manual{Lewin-Koh2011,
  title       = {Maptools R-package : tools for reading and handling spatial objects},
  author      = {Lewin-Koh, Nicholas J. and Bivand, Roger},
  edition     = {version 0.8-10},
  year        = {2011},
  citations   = {thesemarie},
  comment     = {and contributions by Edzer J. Pebesma and Eric Archer and Adrian Baddeley
	and Hans-Jörg Bibiko and Stéphane Dray and David Forrest and Michael
	Friendly and Patrick Giraudoux and Duncan Golicher and Virgilio Gomez
	Rubio and Patrick Hausmann and Karl Ove Hufthammer and Thomas Jagger
	and Sebastian P. Luque and Don MacQueen and Andrew Niccolai and Tom
	Short and Ben Stabler and Rolf Turner},
  description = {and contributions by Edzer J. Pebesma and Eric Archer and Adrian Baddeley and Hans-Jörg Bibiko and Stéphane Dray and David Forrest and Michael Friendly and Patrick Giraudoux and Duncan Golicher and Virgilio Gomez Rubio and Patrick Hausmann and Karl Ove Hufthammer and Thomas Jagger and Sebastian P. Luque and Don MacQueen and Andrew Niccolai and Tom Short and Ben Stabler and Rolf Turner},
  file        = {Lewin-Koh2011.pdf:Lewin-Koh2011.pdf:PDF},
  hyphenation = {english},
  keywords    = {R-package},
  owner       = {},
  timestamp   = {2013.05.07 05:40:01},
  url         = {http://CRAN.R-project.org/package=maptools},
}

@Manual{Maechler2014,
  title       = {Cluster R-package : cluster analysis basics and extensions},
  author      = {Martin Maechler and Peter Rousseeuw and Anja Struyf and Mia Hubert and Kurt Hornik},
  edition     = {version 1.15.2},
  year        = {2014},
  note        = {For new features, see the 'Changelog' file (in the package source)},
  citations   = {thesemarie},
  hyphenation = {english},
  keywords    = {R-package},
  language    = {english},
  owner       = {},
  timestamp   = {2014.08.12},
}

@Manual{RTeam2012,
  title        = {R: A language and environment for statistical computing~\normalsize{\R}},
  author       = {{R Development Core Team}},
  organization = {R Foundation for Statistical Computing},
  address      = {Vienna (Austria)},
  year         = {2012},
  note         = {{ISBN} 3-900051-07-0},
  citations    = {thesemarie},
  hyphenation  = {english},
  keywords     = {software,stats},
  owner        = {},
  timestamp    = {2013.05.07 05:42:04},
  url          = {http://www.R-project.org/},
}

@Manual{Tisseau2015,
  title        = {Ti\textit{k}Z pour l'impatient},
  author       = {Tisseau, Gérard and Duma, Jacques},
  year         = {2015},
  citations    = {thesemarie},
  file         = {Tisseau2015.pdf:Tisseau2015.pdf:PDF},
  howpublished = {[en ligne]},
  keywords     = {software,latex},
  owner        = {},
  timestamp    = {2015.07.13},
  url          = {http://math.et.info.free.fr/TikZ/bdd/TikZ-Impatient.pdf},
  urldate      = {2016-02-24},
}

@Article{Anselin1990,
  author         = {Anselin, Luc},
  title          = {Some robust approaches to testing and estimation in spatial econometrics},
  journal        = {Regional Science and Urban Economics},
  year           = {1990},
  volume         = {20},
  number         = {2},
  pages          = {141--163},
  abstract       = {Some robust approaches are outlined that form a basis for a more realistic
	statistical inference in spatial econometric models. Three specific
	issues are addressed: significance tests on coefficients in the spatial
	expansion method that are robust to the presence of heteroskedasticity
	of unknown form; heteroskedasticity-robust specification tests for
	spatial dependence; and boot-strap estimation in spatial autoregressive
	models. The techniques are presented in formal terms and their application
	to spatial analysis is illustrated in a number of simple empirical
	examples.},
  endnotereftype = {Journal Article},
  file           = {Anselin1990.pdf:Anselin1990.pdf:PDF},
  hyphenation    = {english},
  keywords       = {econometrics,spatial analysis},
  owner          = {},
  timestamp      = {2013.05.23},
  url            = {http://www.sciencedirect.com/science/article/pii/016604629090001J},
}

@Article{Holloway2007,
  author         = {Holloway, Garth and Lacombe, Donald and LeSage, James P.},
  title          = {Spatial Econometric Issues for Bio-Economic and Land-Use Modelling},
  journal        = {Journal of Agricultural Economics},
  year           = {2007},
  volume         = {58},
  number         = {3},
  pages          = {549--588},
  comment        = {imprimé},
  description    = {imprimé},
  doi            = {10.1111/j.1477-9552.2007.00127.x},
  endnotereftype = {Journal Article},
  file           = {Holloway2007.pdf:Holloway2007.pdf:PDF},
  hyphenation    = {english},
  keywords       = {land use,spatial econometrics,review},
  owner          = {},
  timestamp      = {2013.05.07 05:38:10},
}

@Book{Anselin2005a,
  title       = {Spatial Regression Analysis in R: A workbook},
  publisher   = {Center for Spatially Integrated Social Science},
  year        = {2005},
  author      = {Anselin, L.},
  month       = jan,
  file        = {Anselin2005a.pdf:Anselin2005a.pdf:PDF},
  hyphenation = {english},
  keywords    = {econometrics,software,r,spatial analysis},
  owner       = {},
  pagetotal   = {90},
  timestamp   = {2013.05.23},
  url         = {http://geodacenter.asu.edu/system/files/rex1.pdf},
}

@Book{Daudin1999,
  title       = {Statistique inférentielle. Idées, démarches, exemples},
  publisher   = {Presses Universitaires de Rennes, Société française de statistique},
  year        = {1999},
  author      = {Daudin, Jean-Jacques and Robin, Stéphane and Vuillet, Colette},
  series      = {Didact Statistique},
  address     = {Rennes},
  month       = {juin},
  comment     = {bureau de sébastien boutry
Remarques:
En introduction les auteurs soulignent l'importance de formaliser
	les "objets réels" (phénomènes) avant de procéder à toute induction
	statistique, ceci afin de choisir de manières pertinente les outils
	statistiques existants.},
  description = {bureau de sébastien boutry},
  hyphenation = {french},
  keywords    = {econometrics},
  owner       = {},
  pagetotal   = {188},
  timestamp   = {2013.05.07 05:16:29},
}

@Manual{Venables2010,
  title       = {An Introduction to R},
  author      = {Venables, w. N. and Smith, D. M.},
  year        = {2010},
  file        = {Venables2010.pdf:Venables2010.pdf:PDF},
  groups      = {friends},
  hyphenation = {english},
  keywords    = {R-package},
  owner       = {},
  timestamp   = {2013.05.07 05:19:33},
  url         = {http://www.r-project.org/},
}

@TechReport{Dube2011,
  author      = {Dubé, J. and Baumont, C. and Legros, D.},
  title       = {Utilisation des matrices de pondérations en économétrie spatiale. Proposition dans un contexte spatio-temporel},
  institution = {Laboratoire d'Economie et de Gestion, Université de Bourgogne et CNRS UMR 5118},
  year        = {2011},
  address     = {Dijon},
  file        = {Dube2011.pdf:Dube2011.pdf:PDF},
  hyphenation = {french},
  journal     = {Documents de travail du Laboratoire d'Economie et de Gestion},
  keywords    = {econometrics,spatial},
  owner       = {},
  timestamp   = {2013.05.07 05:36:26},
  url         = {http://leg.u-bourgogne.fr/productions-scientifiques-du-leg/les-documents-de-travail-du-leg.html},
  volume      = {01},
}

@Newspaper{AQUI20170405,
  title        = {Accès au foncier: face au prix des terres, l'innovation et la complémentarité des outils est de rigueur},
  year         = {2017},
  date         = {2017-04-05},
  journal      = {{Aqui !}},
  howpublished = {[en ligne]},
  author       = {Solène Méric},
  url          = {http://www.aqui.fr/agricultures/acces-au-foncier-face-au-prix-des-terres-l-innovation-et-la-complementarite-des-outils-est-de-rigueur,15424.html?utm_source=aqui&utm_medium=rss&utm_campaign=06-04-2017},
  urldate      = {2017-04-06},
  file         = {AQUI20170405.pdf:Presse/AQUI20170405.pdf:PDF},
  hyphenation  = {french},
  keywords     = {land, SAFER},
  month        = {04},
  owner        = {},
  timestamp    = {2017.04.06},
}

@Newspaper{LAVIGNE20130531,
  title     = {Prix du foncier viticole : la hausse s'est poursuivie en 2012},
  year      = {2013},
  journal   = {{La Vigne}},
  author    = {Autexier, A.},
  url       = {http://www.lavigne-mag.fr/actualites-viticulture-vin/prix-du-foncier-viticole-la-hausse-s-est-poursuivie-en-2012-72969.html},
  urldate   = {2014-01-02},
  file      = {LAVIGNE20130531.pdf:Presse/LAVIGNE20130531.pdf:PDF},
  keywords  = {land market, vineyard},
  month     = may,
  timestamp = {2014.01.02},
}

@Book{Margeon2009,
  title       = {Les 100 mots du vin},
  publisher   = {Presses Universitaires de France},
  year        = {2009},
  author      = {Gérard Margeon},
  series      = {Que sais-je ?},
  address     = {Paris (France)},
  file        = {Margeon2009.pdf:Margeon2009.pdf:PDF},
  hyphenation = {french},
  keywords    = {wine, thesaurus},
  owner       = {},
  pagetotal   = {128},
  timestamp   = {2015.08.25},
  url         = {http://www.cairn.info.docelec.u-bordeaux.fr/les-100-mots-du-vin--9782130571339.htm},
}

@Book{Boulay2013,
  title       = {Les mots du foncier. Dictionnaire critique},
  publisher   = {ADEF éditions},
  year        = {2013},
  editor      = {Boulay, G. and Buhot, C.},
  address     = {Paris (France)},
  abstract    = {65 entrées pour mieux comprendre les enjeux théoriques et pratiques
	actuels de la question foncière : sol -- ressource -- non fongibilité
	-- patrimoine -- appropriation -- immobilier -- financiarisation
	-- opacité -- observation -- segmentation du marché -- usus, fructus,
	abusus -- bouquet de droits -- cadastre -- citoyenneté -- tragédie
	des Communs -- propriété collective -- occupation informelle -- collectivisation
	-- réforme foncière -- sécurité foncière -- privatisation -- domanialité
	-- prescription acquisitive -- bail -- terra nullius -- propriétaire
	-- déguerpissement -- dépossession -- prix -- valeur -- rente foncière
	-- cyclicité -- bulle -- plus-value -- investissement -- évaluation
	-- méthode des prix hédoniques -- compte-à-rebours -- cash flows
	-- politique foncière -- fiscalité foncière -- offre foncière --
	rareté -- préemption -- expropriation -- droits à bâtir -- aménagement
	négocié -- contentieux -- zonage -- portage foncier -- maîtrise foncière
	-- réserve foncière -- servitude -- compensation -- consommation
	-- rétention -- périurbanisation -- lotissement -- promotion -- renouvellement
	urbain -- friche -- densification -- rent gap hypothesis -- remembrement
	foncier -- accaparement},
  hyphenation = {french},
  keywords    = {thesaurus, land},
  owner       = {},
  pagetotal   = {173},
  timestamp   = {2014.08.19},
  url         = {http://www.recherche-foncier.fr/2013/11/vient-de-paraitre-les-mots-du-foncier/},
}

@TechReport{Pomel2006,
  author      = {Pomel, Bernard},
  title       = {Réussir l'avenir de la viticulture de France. Plan national de restructuration de la filière viti-vinicole française. Rapport {MAP}},
  institution = {Ministère de l'agriculture et de la Pêche},
  year        = {2006},
  address     = {Paris},
  abstract    = {Ces propositions pour la viticulture répondent à une double mission
	: coordonner la réflexion menée au sein des dix comités de bassin
	viticole depuis le mois de janvier 2006 et proposer un plan dynamique,
	concret et concerté, de modernisation de la filière afin de lui éviter
	le retour des situations de crise et de lui insuffler un nouveau
	dynamisme sur le marché mondial.},
  file        = {Pomel2006.pdf:Rapports institutionnels\\Pomel2006.pdf:PDF},
  keywords    = {wine farming, public measures, institution report},
  owner       = {},
  timestamp   = {2010.07.30},
  url         = {http://agriculture.gouv.fr/reussir-l-avenir-de-la-viticulture},
}

@TechReport{Roumegoux2008,
  author       = {Roumegoux, Michel},
  title        = {VIN sur VIN 2020 : plan stratégique de valorisation de la filière vitivinicole française à l'horizon 2020},
  institution  = {Rapport pour le Ministère de l'agriculture et de la Pêche},
  year         = {2008},
  address      = {Paris (France)},
  month        = {12},
  abstract     = {Dans un contexte mondial profondément bouleversé et face à une concurrence
	exercée notamment par les pays producteurs de vin du " nouveau monde
	", l'auteur de ce rapport dresse un état des lieux de la filière
	vitivinicole française et analyse la position des vins français à
	l'exportation. Il propose un dispositif stratégique et prospectif
	de valorisation du secteur, appuyé sur des mesures de soutien public.},
  citations    = {thesemarie},
  file         = {Roumegoux2008.pdf:Rapports institutionnels\\Roumegoux2008.pdf:PDF},
  howpublished = {[en ligne]},
  hyphenation  = {french},
  keywords     = {wine farming},
  pagetotal    = {94},
  timestamp    = {2010.07.30},
  url          = {http://www.ladocumentationfrancaise.fr/var/storage/rapports-publics/094000171.pdf},
  urldate      = {2016-02-23},
}

@Database{DBGEOFLA,
  title        = {BD GEOFLA \textregistered},
  alias        = {BD GEOFLA (2011)},
  author       = {\Acrshort{IGN}},
  year         = {2011},
  howpublished = {[en ligne]},
  datatime     = {2011},
  datacover    = {France métropolitaine et DROM},
  url          = {http://professionnels.ign.fr/geofla},
  citations    = {thesemarie},
  groups       = {private},
  hyphenation  = {french},
  keywords     = {database},
  timestamp    = {2013.05.07},
  urldate      = {2013-01-24},
}

@Database{DBINSEERGP,
  title        = {Recensement général de la population},
  alias        = {BInsee RGP (2008)},
  author       = {\Gls{INSEE}},
  year         = {2008},
  howpublished = {[en ligne]},
  datatime     = {na},
  datacover    = {na},
  url          = {http://www.recensement.insee.fr/accesChiffresCles.action},
  groups       = {private},
  hyphenation  = {french},
  keywords     = {database},
  timestamp    = {2013.05.07},
  urldate      = {2013-01-24},
}

@Article{Dray2007,
  author      = {Dray, S. and Dufour, A.B.},
  title       = {Ade4 R-package : implementing the duality diagram for ecologists},
  journal     = {Journal of Statistical Software},
  year        = {2007},
  volume      = {22},
  number      = {4},
  pages       = {1-20},
  citations   = {thesemarie},
  file        = {Dray2007.pdf:Dray2007.pdf:PDF},
  hyphenation = {english},
  keywords    = {R-package},
  owner       = {Marie.Lemarie},
  timestamp   = {2014.08.07},
  url         = {http://pbil.univ-lyon1.fr/ade4/article/jss/jss.pdf},
}

@Article{Zeiles2002,
  author      = {Zeileis, Achim and Hothorn, Torsten},
  title       = {Lmtest R-package: diagnostic checking in regression relationships},
  journal     = {R News},
  year        = {2002},
  volume      = {2},
  number      = {3},
  pages       = {7--10},
  citations   = {thesemarie},
  file        = {Zeiles2002.pdf:Zeiles2002.pdf:PDF},
  groups      = {friends},
  hyphenation = {english},
  keywords    = {R-package},
  owner       = {Marie.Lemarie},
  timestamp   = {2013.05.07 05:42:25},
  url         = {http://CRAN.R-project.org/doc/Rnews/},
}

@Article{Muggeo2008,
  author      = {Muggeo, Vito M. R.},
  title       = {Segmented R-package : an R package to fit regression models with broken-line relationships},
  journal     = {R News},
  year        = {2008},
  volume      = {8/1},
  pages       = {20--25},
  citations   = {thesemarie},
  file        = {Muggeo2008.pdf:Muggeo2008.pdf:PDF},
  hyphenation = {english},
  keywords    = {R-package},
  owner       = {Marie.Lemarie},
  timestamp   = {2013.05.07 05:41:44},
  url         = {http://cran.r-project.org/doc/Rnews/},
}

@Legislation{DECRETLOI19350730,
  title       = {Décret-loi du 30 juillet 1935 relatif à la défense du marché des vins et régime économique de l'alcool},
  alias       = {Décret-loi du 30 juillet 1935},
  journal     = {Journal officiel de la République française},
  date        = {1935-07-31},
  citations   = {thesemarie},
  hyphenation = {french},
  keywords    = {law},
  owner       = {Marie.Lemarie},
  pages       = {8314},
  timestamp   = {2016.02.12},
}

@Legislation{LOI200611,
  title        = {Loi \no2006-11 du 5 janvier 2006 d'orientation agricole},
  alias        = {Loi du 5 janvier 2006 d'orientation agricole},
  journal      = {Journal officiel de la République française},
  date         = {2006-01-06},
  texte        = {2},
  volume       = {5},
  page         = {229},
  howpublished = {[en ligne]},
  url          = {https://www.legifrance.gouv.fr/eli/loi/2006/1/5/AGRX0500091L/jo/texte},
  urldate      = {2016-02-15},
  booktitle    = {Journal officiel de la République française \no5 du 6 janvier 2006},
  citations    = {thesemarie},
  hyphenation  = {french},
  keywords     = {law},
  owner        = {Marie.Lemarie},
  pages        = {229},
  timestamp    = {2016.02.12},
}

@Comment{jabref-meta: databaseType:bibtex;}

@Comment{jabref-entrytype: Database: req[title;alias;author;year;howpublished;datatime;datacover;edition;editor;language] opt[url]}

@Comment{jabref-entrytype: Legislation: req[title;alias;journal;date;texte;volume;page;howpublished] opt[url;urldate]}

@Comment{jabref-entrytype: Newspaper: req[title;year;date;journal;howpublished] opt[author;url;urldate]}
